<record><leader>00000cas a22000007a 4500</leader><controlfield tag="001">8526317</controlfield><controlfield tag="008">820617d195919uucauwr ne      0   a0eng d</controlfield><controlfield tag="009">1313</controlfield><datafield ind1=" " ind2=" " tag="010"><subfield code="a">sn 93051939 </subfield></datafield><datafield ind1=" " ind2=" " tag="040"><subfield code="a">WIH</subfield><subfield code="b">eng</subfield><subfield code="c">WIH</subfield><subfield code="d">CNK</subfield><subfield code="d">OCLCQ</subfield></datafield><datafield ind1="1" ind2=" " tag="029"><subfield code="a">AU@</subfield><subfield code="b">000025896934</subfield></datafield><datafield ind1=" " ind2=" " tag="042"><subfield code="a">msc</subfield></datafield><datafield ind1="0" ind2=" " tag="130"><subfield code="a">Berkeley review (Berkeley, Calif. : 1959)</subfield></datafield><datafield ind1="0" ind2="4" tag="245"><subfield code="a">The Berkeley review.</subfield></datafield><datafield ind1=" " ind2=" " tag="260"><subfield code="a">Berkeley, Calif. :</subfield><subfield code="b">Berkeley Review Pub.</subfield></datafield><datafield ind1=" " ind2=" " tag="300"><subfield code="a">v. :</subfield><subfield code="b">ill. ;</subfield><subfield code="c">31 cm.</subfield></datafield><datafield ind1=" " ind2=" " tag="310"><subfield code="a">Weekly</subfield></datafield><datafield ind1="0" ind2=" " tag="362"><subfield code="a">Vol. 1, no. 1 (Nov. 12, 1959)-</subfield></datafield><datafield ind1=" " ind2="4" tag="651"><subfield code="a">San Francisco Bay Area (Calif.)</subfield><subfield code="v">Newspapers.</subfield></datafield><datafield ind1=" " ind2=" " tag="752"><subfield code="a">United States</subfield><subfield code="b">California</subfield><subfield code="c">Alameda</subfield><subfield code="d">Berkeley.</subfield></datafield></record>